
@Article{chow:68,
  author = 	 {C. K. Chow and C. N. Liu},
  title = 	 {Approximating discrete probability distributions with dependence trees},
  journal = 	 {IEEE Transactions on Information Theory},
  year = 	 {1968},
  volume = 	 {IT-14},
  number = 	 {3},
  pages = 	 {462--467}}


@Book{pearl:88,
  author = 	 {Judea Pearl},
  title = 	 {Probabilistic {R}easoning in {I}ntelligent {S}ystems: 
		  {N}etworks of {P}lausible {I}nference},
  publisher = 	 {Morgan Kaufman Publishers},
  year = 	 {1988},
  address = 	 {San Mateo, CA}
}

@article{pawel:24,
  title={Pitfalls and Potentials in Simulation Studies: Questionable Research 
         Practices in Comparative Simulation Studies Allow for Spurious Claims of Superiority of Any Method},
  author={Pawel, Samuel and Kook, Lucas and Reeve, Kelly},
  journal={Biometrical Journal},
  volume={66},
  number={1},
  pages={2200091},
  year={2024},
  publisher={Wiley Online Library}
}

@article{boulesteix:13,
  title={A plea for neutral comparison studies in computational sciences},
  author={Boulesteix, Anne-Laure and Lauer, Sabine and Eugster, Manuel JA},
  journal={PloS one},
  volume={8},
  number={4},
  pages={e61562},
  year={2013},
  publisher={Public Library of Science San Francisco, USA}
}

@inproceedings{strobl:23,
  author    = {Carolin Strobl},
  title     = {{Bringing Owls to Athens: Some Thoughts on What Makes a Good Simulation Study in Methodological Research}},
  booktitle = {Proceedings of the 10th European Congress of Methodology (EAM2023)},
  year      = {2023},
  address   = {Ghent, Belgium},
  organization = {European Association of Methodology},
}

@article{kim:10,
  title={Performance evaluation for classification methods: A comparative simulation study},
  author={Kim, Yong Soo},
  journal={Expert Systems with Applications},
  volume={37},
  number={3},
  pages={2292--2306},
  year={2010},
  publisher={Elsevier}
}

@article{lohmann2022s,
  title={It's time! {T}en reasons to start replicating simulation studies},
  author={Lohmann, Anna and Astivia, Oscar LO and Morris, Tim P and Groenwold, Rolf HH},
  journal={Frontiers in Epidemiology},
  volume={2},
  pages={973470},
  year={2022},
  publisher={Frontiers Media SA}
}

@Inbook{Vapnik2015,
author="Vapnik, V. N.
and Chervonenkis, A. Ya.",
editor="Vovk, Vladimir
and Papadopoulos, Harris
and Gammerman, Alexander",
title="On the Uniform Convergence of Relative Frequencies of Events to Their Probabilities",
bookTitle={{Measures of Complexity: Festschrift for Alexey Chervonenkis}},
year="2015",
publisher="Springer International Publishing",
address="Cham",
pages="11--30",
abstract="This chapter reproduces the English translation by B. Seckler of the paper by Vapnik and Chervonenkis in which they gave proofs for the innovative results they had obtained in a draft form in July 1966 and announced in 1968 in their note in Soviet Mathematics Doklady. The paper was first published in Russian as Вапник В. Н. and Червоненкис А. Я. О равномерноЙ сходимости частот появления событиЙ к их вероятностям. Теория вероятностеЙ и ее применения 16(2), 264--279 (1971).",
isbn="978-3-319-21852-6",
doi="10.1007/978-3-319-21852-6_3",
url="https://doi.org/10.1007/978-3-319-21852-6_3"
}






